<record xmlns='http://www.loc.gov/MARC21/slim'><leader>00951cim a22002532u 4500</leader><controlfield tag='001'>3604197</controlfield><controlfield tag='005'>20151214183357.0</controlfield><controlfield tag='007'>ss|lmnjluz|nuu</controlfield><controlfield tag='008'>991101s1992    nyunnn         l    eng d</controlfield><datafield ind1=' ' ind2=' ' tag='035'><subfield code='a'>(NIC)notisASG1262</subfield></datafield><datafield ind1=' ' ind2=' ' tag='035'><subfield code='a'>3604197</subfield></datafield><datafield ind1=' ' ind2=' ' tag='035'><subfield code='a'>(OCoLC)63902342</subfield></datafield><datafield ind1=' ' ind2=' ' tag='040'><subfield code='a'>NIC</subfield><subfield code='c'>NIC</subfield><subfield code='d'>NIC</subfield><subfield code='d'>NIC</subfield></datafield><datafield ind1='1' ind2=' ' tag='100'><subfield code='a'>Chavez, Cesar,</subfield><subfield code='d'>1927-1993.</subfield></datafield><datafield ind1='1' ind2='0' tag='245'><subfield code='a'>No Grapes</subfield><subfield code='h'>[sound recording]</subfield></datafield><datafield ind1=' ' ind2=' ' tag='260'><subfield code='c'>1992.</subfield></datafield><datafield ind1=' ' ind2=' ' tag='300'><subfield code='a'>1 sound cassette (75 min.) :</subfield><subfield code='b'>analog, mono.</subfield></datafield><datafield ind1=' ' ind2=' ' tag='500'><subfield code='a'>Recorded in Ithaca, NY by Cornell University.</subfield></datafield><datafield ind1=' ' ind2=' ' tag='500'><subfield code='a'>Sponsored by: La Asociacion Latina,Student Activities Finance Commission,College of Industrial and Labor Relations,Protestant Cooperative Ministry,Provost Malden Nesheim.</subfield></datafield><datafield ind1=' ' ind2=' ' tag='500'><subfield code='a'>Speaker(s): President and founder, United Farm Workers.</subfield></datafield><datafield ind1='4' ind2=' ' tag='510'><subfield code='a'>Cornell Chronicle</subfield><subfield code='b'>4/16/92</subfield><subfield code='c'>p.6.</subfield></datafield><datafield ind1=' ' ind2=' ' tag='518'><subfield code='a'>Lecture, April 8, 1992, 8:00 pm, 200 Baker Laboratory.</subfield></datafield><datafield ind1='1' ind2=' ' tag='899'><subfield code='a'>CULectures</subfield></datafield><datafield ind1=' ' ind2=' ' tag='905'><subfield code='a'>20000310120000.0</subfield></datafield></record>